@ARTICLE{ACM10_Salfner,
    author = {Salfner, Felix and Lenk, Maren and Malek, Miroslaw},
    title = {A Survey of Online Failure Prediction Methods},
    journal = {ACM Comput. Surv.},
    volume = {42},
    number = {3},
    pages = {10:1-10:42},
    year = {2010},
    month = {March},
    issn = {0360-0300},
    publisher = {ACM},
    address = {New York, NY, USA},
    keywords = {Error, failure prediction, fault, prediction metrics, runtime monitoring},
}

@ARTICLE{IEEE04_Avizienis,
    author = {Avizienis, A. and Laprie, J.-C. and Randell, B. and Landwehr, C.},
    title = {Basic concepts and taxonomy of dependable and secure computing},
    journal = {IEEE Transactions on Dependable and Secure Computing},
    volume = {1},
    number = {1},
    pages = {11-33},
    year = {2004},
    month = {Jan},
    ISSN = {1545-5971},
    keywords={data privacy;fault tolerant computing;security of data;software reliability;system recovery;dependable computing;fault forecasting;fault prevention;fault removal;fault tolerance;secure computing;system attacks;system availability;system failures;system integrity;system maintainability;system reliability;system safety;system security;system vulnerabilities;taxonomy;Availability;Books;Communication system security;Fault tolerance;Maintenance;Safety;Standardization;Taxonomy;Uncertainty;65;Index Terms- Dependability;attacks;errors;failures;fault forecasting.;fault removal;fault tolerance;faults;security;trust;vulnerabilities},
}

@BOOK{rijsbergen79,
    author = {Rijsbergen, C. J. Van},
    title = {Information Retrieval},
    edition = {2nd},
    year = {1979},
    publisher = {Butterworth-Heinemann},
    address = {Newton, MA, USA},
    isbn = {0408709294},
} 

@INCOLLECTION{domeniconi02,
    author = {Domeniconi, Carlotta and Perng, Chang-shing and Vilalta, Ricardo and Ma, Sheng},
    title = {A Classification Approach for Prediction of Target Events in Temporal Sequences},
    booktitle = {Principles of Data Mining and Knowledge Discovery},
    series = {Lecture Notes in Computer Science},
    volume = {2431},
    pages = {125-137},
    year = {2002},
    editor = {Elomaa, Tapio and Mannila, Heikki and Toivonen, Hannu},
    publisher = {Springer Berlin Heidelberg},
    isbn = {978-3-540-44037-6},
}

@INPROCEEDINGS{ASAP12_Azhar,
    author = {Azhar, M.W. and Sjalander, M. and Ali, H. and Vijayashekar, A. and Hoang, T.T. and Ansari, K.K. and Larsson-Edefors, P.},
    booktitle = {IEEE International Conference on Application-Specific Systems, Architectures and Processors (ASAP)},
    title = {Viterbi Accelerator for Embedded Processor Datapaths},
    year = {2012},
    month = {July},
    pages = {133-140},
    keywords = {Viterbi decoding;embedded systems;microprocessor chips;EEMBC Viterbi benchmark;Viterbi branch metric kernel;architecture;bit rate 3.52 Mbit/s;data throughput;embedded processor datapath;energy reduction;lightweight Viterbi accelerator;processor performance;size 65 nm;Acceleration;Decoding;Measurement;Memory management;Program processors;Viterbi algorithm;Viterbi decoding;accelerator;embedded processor;energy efficiency;hardware/software codesign},
    ISSN = {2160-0511},
}

@INPROCEEDINGS{DARPA99_Makhoul,
    author = {John Makhoul and Francis Kubala and Richard Schwartz and Ralph Weischedel},
    title = {Performance Measures For Information Extraction},
    booktitle = {In Proceedings of DARPA Broadcast News Workshop},
    pages = {249-252},
    year = {1999},
}

@INPROCEEDINGS{FCCM09_Cadambi,
    author = {Cadambi, S. and Durdanovic, I. and Jakkula, V. and Sankaradass, M. and Cosatto, E. and Chakradhar, S. and Graf, H.P.},
    title = {A Massively Parallel {FPGA}-Based Coprocessor for Support Vector Machines},
    booktitle = {IEEE Symposium on Field Programmable Custom Computing Machines (FCCM)},
    pages = {115-122},
    year = {2009},
    month = {April},
    keywords = {coprocessors;field programmable gate arrays;learning (artificial intelligence);parallel architectures;peripheral interfaces;support vector machines;vector processor systems;DDR2 memory;DSP unit;FPGA memory bus;SVM;Xilinx Virtex 5 FPGA;coprocessor architecture;data packing;data parallelism;dual Opteron 2.2 GHz processor CPU;end-to-end computation;low precision arithmetic;machine learning algorithm;massively parallel FPGA-based coprocessor;off-the-shelf PCI based FPGA card;parallel multiply-accumulators;parallel off-chip memory access;recognized scenes analysis;scene learning;sementics analysis;single-instruction multiple data;support vector machine training;vector processing elements;Algorithm design and analysis;Computer architecture;Coprocessors;Digital signal processing;Field programmable gate arrays;Layout;Machine learning;Machine learning algorithms;Support vector machine classification;Support vector machines;FPGAs;Hardware Acceleration;Machine Learning;Parallel Architectures;Support Vector Machines},
}

@INPROCEEDINGS{ICDM02_Vilalta,
    author = {Vilalta, R. and Sheng Ma},
    title = {Predicting rare events in temporal domains},
    booktitle = {IEEE International Conference on Data Mining (ICDM)},
    pages = {474-481},
    year = {2002},
    month = {December},
    keywords = {data mining;set theory;categorical features;class-imbalance problem;computer attacks;discrimination power;financial institutions;fraudulent transactions;frequent eventsets;host networks;minority class;predictive techniques;rare events prediction;rule-based model;temporal data mining;temporal domains;temporal patterns extraction;uneven inter-arrival times;Computer crime;Computer displays;Computer science;Knowledge based systems;Network servers;Particle separators;Speech recognition;Target recognition;Testing;USA Councils},
}

@INPROCEEDINGS{ICS06_Maddimsetty,
    author = {Maddimsetty, Rahul P. and Buhler, Jeremy and Chamberlain, Roger D. and Franklin, Mark A. and Harris, Brandon},
    title = {Accelerator Design for Protein Sequence HMM Search},
    booktitle = {International Conference on Supercomputing},
    series = {ICS '06},
    pages = {288-296},
    year = {2006},
    publisher = {ACM},
    address = {New York, NY, USA},
    keywords = {HMMER, hidden Markov model, protein motif},
    isbn = {1-59593-282-8},
}

@INPROCEEDINGS{IPDPS04_Salfner,
    author = {Salfner, Felix and Tschirpke, S. and Malek, M.},
    title = {Comprehensive logfiles for autonomic systems},
    booktitle = {IEEE International Parallel and Distributed Processing Symposium (IPDPS)},
    pages = {211-218},
    year = {2004},
    month = {April},
    keywords = {file organisation;network operating systems;autonomic systems;event type;information entropy;system logfiles;Computer science;Distributed processing;Frequency measurement;Guidelines;Humans;Information analysis;Information entropy;Information resources;Large-scale systems;Proposals},
}

@INPROCEEDINGS{IPDPS07_Jacob,
    author = {Jacob, A.C. and Lancaster, J.M. and Buhler, J.D. and Chamberlain, R.D.},
    title = {Preliminary results in accelerating profile HMM search on FPGAs},
    booktitle = {IEEE International Parallel and Distributed Processing Symposium (IPDPS)},
    pages = {1-8},
    year = {2007},
    month = {March},
    keywords = {DNA;biology computing;database management systems;field programmable gate arrays;hidden Markov models;pipeline processing;probability;proteins;systolic arrays;DNA;FPGA-based accelerator;HMM search;VHDL;Viterbi calculation;biosequences;databases;hidden Markov models;pipelining technique;probabilistic models;protein sequence analysis;systolic array design;Acceleration;Biological system modeling;Biology computing;DNA;Databases;Engines;Field programmable gate arrays;Hidden Markov models;Protein sequence;Systolic arrays},
}

@INPROCEEDINGS{IPDPS07_Oliver,
    author = {Oliver, T. and Yeow, L.Y. and Schmidt, B.},
    title = {High Performance Database Searching with HMMer on FPGAs},
    booktitle = {IEEE International Parallel and Distributed Processing Symposium (IPDPS)},
    pages = {1-7},
    year = {2007},
    month = {March},
    keywords = {biology computing;database management systems;field programmable gate arrays;hidden Markov models;molecular biophysics;proteins;reconfigurable architectures;sequences;software packages;FPGA;HMMer package;high performance database searching;off-the-shelf field-programmable gate arrays;profile HMM bioinformatics tool;profile hidden Markov models;protein sequences;reconfigurable architecture;Acceleration;Bioinformatics;Computer architecture;Databases;Field programmable gate arrays;Hidden Markov models;Packaging;Proteins;Reconfigurable architectures;Runtime},
}

@INPROCEEDINGS{IPDPS09_Walters,
    author = {Walters, J.P. and Balu, V. and Kompalli, S. and Chaudhary, V.},
    title = {Evaluating the use of GPUs in liver image segmentation and HMMER database searches},
    booktitle = {IEEE International Parallel Distributed Processing Symposium (IPDPS)},
    pages = {1-12},
    year = {2009},
    month = {May},
    keywords = {DRAM chips;Markov processes;digital signal processing chips;image segmentation;medical image processing;parallel processing;query processing;CUDA programming environment;DRAM;GPU kernels;HMMER database searches;Markov random fields;NVIDIA 8800 GTX;Viterbi algorithm;graphics processing units;liver image segmentation;Frequency;Hidden Markov models;Image databases;Image segmentation;Kernel;Liver;Programming environments;Random access memory;Testing;Viterbi algorithm},
    ISSN = {1530-2075},
}

@PHDTHESIS{salfner08,
    author = {Felix Salfner},
    title = {Event-based Failure Prediction},
    year = {2008},
    month = {February},
    school = {Humboldt-University of Berlin},
}

@PHDTHESIS{lin88,
    author = {Ting-Ting Y. Lin},
    title = {Design and evaluation of an on-line predictive diagnostic system},
    year = {1988},
    school = {Carnegie-Mellon University},
    address = {Pittsburgh, PA},
}

